@inproceedings{Kuo:2012:IMP:2390776.2390778,
 author = {Kuo, Fang-Fei and Li, Cheng-Te and Shan, Man-Kwan and Lee, Suh-Yin},
 title = {Intelligent Menu Planning: Recommending Set of Recipes by Ingredients},
 booktitle = {Proceedings of the ACM Multimedia 2012 Workshop on Multimedia for Cooking and Eating Activities},
 series = {CEA '12},
 year = {2012},
 isbn = {978-1-4503-1592-0},
 location = {Nara, Japan},
 pages = {1--6},
 numpages = {6},
 url = {http://doi.acm.org/10.1145/2390776.2390778},
 doi = {10.1145/2390776.2390778},
 acmid = {2390778},
 publisher = {ACM},
 address = {New York, NY, USA},
 keywords = {cooking, ingredient, menu planning, minimum steiner tree, recipe recommendation},
} 


@INPROCEEDINGS{morioka:camera-projecter,
	AUTHOR = "Shunsuke Morioka and Hirotada Ueda",
	TITLE = "Cooking Support System Utilizing Built-in Cameras and Projectors",
	BOOKTITLE = " MVA2011 IAPR Conference on Machine Vision Applications",
	PAGES = "84-89",
	ORGANIZATION = "TeX Users Group",
	MONTH = "June 13-15", 
	YEAR = {2011}	
	}
	
	
@INPROCEEDINGS{ide:inexper,
	AUTHOR = "Ichiro Ide and Yuka Shidochi and Yuichi Nakamura and Daisuke Deguchi and Tomokazu Takahashi and Hiroshi Murase",
	TITLE = "Multimedia supplementation to a cooking recipe text for facilitating its understanding to inexperienced users",
	BOOKTITLE = "IEEE International Symposium on Multimedia",
	PAGES = "",
	ORGANIZATION = "TeX Users Group",
	MONTH = "", 
	YEAR = {2010}
	}

@INPROCEEDINGS{nakauchi:recog,
	AUTHOR = "Y. Nakauchi and  T. Suzuki and A. Tokumasu and S. Murakami",
	TITLE = "Cooking procedure recognition and support system by intelligent environments",
	BOOKTITLE = "RIISS '09",
	PAGES = "",
	ORGANIZATION = "TeX Users Group",
	MONTH = "", 
	YEAR = {2009}	
	}
	
@INPROCEEDINGS{villalobos:image-calorie,

	AUTHOR = "Villalobos, G. and Almaghrabi, R. and Pouladzadeh, P. and Shirmohammadi, S.",
	TITLE = "An image procesing approach for calorie intake measurement",
	JOURNAL = "IEEE International Symposium on Medical Measurements and Applications Proceedings (MeMeA)",
	MONTH = "",
	YEAR = {2012}	
	}
	
@inproceedings{Qian:2004:SEC:967900.968151,
 author = {Qian, Gang and Sural, Shamik and Gu, Yuelong and Pramanik, Sakti},
 title = {Similarity between Euclidean and cosine angle distance for nearest neighbor queries},
 booktitle = {Proceedings of the 2004 ACM symposium on Applied computing},
 series = {SAC '04},
 year = {2004},
 isbn = {1-58113-812-1},
 location = {Nicosia, Cyprus},
 pages = {1232--1237},
 numpages = {6},
 url = {http://doi.acm.org/10.1145/967900.968151},
 doi = {10.1145/967900.968151},
 acmid = {968151},
 publisher = {ACM},
 address = {New York, NY, USA},
 keywords = {Content based image retrieval, Cosine angle distance, Euclidean distance, Inter-feature normalization, vector model},
} 


@MISC{web:recipe,
	title = {Typical foods by area},
	author = "Wiki",
  	howpublished = "\url{http://www.s-recipe.com/}",
}

@MISC{cosine,
	title = {Cosine similarity},
	author = "Wiki",
  	howpublished = "\url{http://en.wikipedia.org/wiki/Cosine\_similarity}",
}

@MISC{euclidean,
	title = {Euclidean distance},
	author = "Wiki",
  	howpublished = "\url{http://en.wikipedia.org/wiki/Euclidean\_distance}",
}

@MISC{wiki-tf-idf,
	title = {TF-IDF},
	author = "Wiki",
  	howpublished = "\url{http://en.wikipedia.org/wiki/Tf%E2%80%93idf}",
}

@inproceedings{Nguyen:2013:RFF:2506023.2506027,
 author = {Nguyen, Trung Duc and Nguyen, Diep Thi-Ngoc and Kiyoki, Yasushi},
 title = {A Regional Food's Features Extraction Algorithm and Its Application},
 booktitle = {Proceedings of the 5th International Workshop on Multimedia for Cooking \&\#38; Eating Activities},
 series = {CEA '13},
 year = {2013},
 isbn = {978-1-4503-2392-5},
 location = {Barcelona, Spain},
 pages = {15--20},
 numpages = {6},
 url = {http://doi.acm.org/10.1145/2506023.2506027},
 doi = {10.1145/2506023.2506027},
 acmid = {2506027},
 publisher = {ACM},
 address = {New York, NY, USA},
 keywords = {dynamic recipe, food's features, recipe retrieval, text mining, web crawler},
} 


@ARTICLE{Jones72astatistical,
    author = {Karen Sp√§rck Jones},
    title = {A statistical interpretation of term specificity and its application in retrieval},
    journal = {Journal of Documentation},
    year = {1972},
    volume = {28},
    pages = {11--21}
}
